@article{perumalla2012discrete,
  title={Discrete event modeling and massively parallel execution of epidemic outbreak phenomena},
  author={Perumalla, Kalyan S and Seal, Sudip K},
  journal={Simulation},
  volume={88},
  number={7},
  pages={768--783},
  year={2012},
  publisher={SAGE Publications Sage UK: London, England}
}

@inproceedings{barrett2008episimdemics,
  title={EpiSimdemics: an efficient algorithm for simulating the spread of infectious disease over large realistic social networks},
  author={Barrett, Christopher L and Bisset, Keith R and Eubank, Stephen G and Feng, Xizhou and Marathe, Madhav V},
  booktitle={Proceedings of the 2008 ACM/IEEE conference on Supercomputing},
  pages={1--12},
  year={2008}
}

@article{watts1998collective,
  title={Collective dynamics of 'small-world'networks},
  author={Watts, Duncan J and Strogatz, Steven H},
  journal={nature},
  volume={393},
  number={6684},
  pages={440--442},
  year={1998},
  publisher={Nature Publishing Group}
}

@article{barabasi1999emergence,
  title={Emergence of scaling in random networks},
  author={Barab{\'a}si, Albert-L{\'a}szl{\'o} and Albert, R{\'e}ka},
  journal={science},
  volume={286},
  number={5439},
  pages={509--512},
  year={1999},
  publisher={American Association for the Advancement of Science}
}

@article{lin1996asynchronous,
  title={Asynchronous parallel discrete event simulation},
  author={Lin, Yi-Bing and Fishwick, Paul A},
  journal={IEEE Transactions on Systems, Man, and Cybernetics-Part A: Systems and Humans},
  volume={26},
  number={4},
  pages={397--412},
  year={1996},
  publisher={IEEE}
}

@misc{modiano,
  title={Introduction to Queueing Theory},
  author={Modiano, Eytan},
  howpublished={\url{http://web.mit.edu/modiano/www/6.263/lec5-6.pdf}},
  note={Accessed: 2023-08-12}
}

@misc{ross_traffic,
  title={ROSS Traffic Model},
  author={{ROSS Developers}},
  howpublished={\url{https://github.com/carothersc/ROSS-Models/tree/master/traffic}},
  note={Accessed: 2023-08-12}
}